@article{SDP:Vanderberghe,
author = {Vandenberghe, L. and Boyd, S.},
title = {Semidefinite Programming},
journal = {SIAM Review},
volume = {38},
number = {1},
pages = {49-95},
year = {1996},
doi = {10.1137/1038003},
URL = {http://epubs.siam.org/doi/abs/10.1137/1038003},
eprint = {http://epubs.siam.org/doi/pdf/10.1137/1038003}
}

@book{SchurComp,
	title = {The Schur Complement and its Applications},
	author = {Fuzhen Zhang},
	year = {2005},
	publisher = {Springer}
	}

@book{NielsenChuang,
  author = {Nielsen, Michael A. and Chuang, Isaac L.},
  publisher = {Cambridge University Press},
  title = {Quantum Computation and Quantum Information},
  year = 2000
}

@article{3Horodecki96,
title = "Separability of mixed states: necessary and sufficient conditions",
journal = "Physics Letters A",
volume = "223",
number = "1–2",
pages = "1 - 8",
year = "1996",
note = "",
issn = "0375-9601",
doi = "10.1016/S0375-9601(96)00706-2",
url = "http://www.sciencedirect.com/science/article/pii/S0375960196007062",
author = "Michał Horodecki and Paweł Horodecki and Ryszard Horodecki"
}

@article{BEinNature,
  title = {Thermal Bound Entanglement in Macroscopic Systems and Area Law},
  author = {Ferraro, Alessandro and Cavalcanti, Daniel and Garc\'{\i}a-Saez, Artur and Ac\'{\i}n, Antonio},
  journal = {Phys. Rev. Lett.},
  volume = {100},
  issue = {8},
  pages = {080502},
  numpages = {4},
  year = {2008},
  month = {Feb},
  doi = {10.1103/PhysRevLett.100.080502},
  url = {http://link.aps.org/doi/10.1103/PhysRevLett.100.080502},
  publisher = {American Physical Society}
}

@article{Lewenstein2000,
  title = {Optimization of entanglement witnesses},
  author = {Lewenstein, M. and Kraus, B. and Cirac, J. I. and Horodecki, P.},
  journal = {Phys. Rev. A},
  volume = {62},
  issue = {5},
  pages = {052310},
  numpages = {16},
  year = {2000},
  month = {Oct},
  doi = {10.1103/PhysRevA.62.052310},
  url = {http://link.aps.org/doi/10.1103/PhysRevA.62.052310},
  publisher = {American Physical Society}
}

@book{QIT_script,
	author = {Renato Renner},
	title = {Lecture Notes - Quantum Information Theory},
	year = 2013,
	url = {http://www.itp.phys.ethz.ch/education/lectures_hs12/qit/script}
}

@article{HorodeckiP1997,
title = "Separability criterion and inseparable mixed states with positive partial transposition",
journal = "Physics Letters A",
volume = "232",
number = "5",
pages = "333 - 339",
year = "1997",
note = "",
issn = "0375-9601",
doi = "10.1016/S0375-9601(97)00416-7",
url = "http://www.sciencedirect.com/science/article/pii/S0375960197004167",
author = "Pawel Horodecki"
}

@article{3Horodecki1998,
  title = {Mixed-State Entanglement and Distillation: Is there a ``Bound'' Entanglement in Nature?},
  author = {Horodecki, Micha\l{} and Horodecki, Pawe\l{} and Horodecki, Ryszard},
  journal = {Phys. Rev. Lett.},
  volume = {80},
  issue = {24},
  pages = {5239--5242},
  year = {1998},
  month = {Jun},
  doi = {10.1103/PhysRevLett.80.5239},
  url = {http://link.aps.org/doi/10.1103/PhysRevLett.80.5239},
  publisher = {American Physical Society}
}

@article{paper:Extensions09,
  title = {The Power of symmetric extensions for entanglement detection},
  author = {Navascu\'es, Miguel and Owari, Masaki and Plenio, Martin B.},
  journal = {Phys. Rev. A},
  volume = {80},
  issue = {5},
  pages = {052306},
  numpages = {15},
  year = {2009},
  month = {Nov},
  doi = {10.1103/PhysRevA.80.052306},
  url = {http://link.aps.org/doi/10.1103/PhysRevA.80.052306},
  publisher = {American Physical Society}
}


@article{KocherCommins,
  title = {Polarization Correlation of Photons Emitted in an Atomic Cascade},
  author = {Kocher, Carl A. and Commins, Eugene D.},
  journal = {Phys. Rev. Lett.},
  volume = {18},
  issue = {15},
  pages = {575--577},
  year = {1967},
  month = {Apr},
  doi = {10.1103/PhysRevLett.18.575},
  url = {http://link.aps.org/doi/10.1103/PhysRevLett.18.575},
  publisher = {American Physical Society}
}

@article{MotherOfProt,
   title = {The mother of all protocols: Restructuring quantum information's family tree},
   author = {Anura Abeyesinghe and Igor Devetak and Patrick Hayden and Andreas Winter},
   journal = {Proc. R. Soc. A 465(2108):2537-2563},
   year = {2009},
	eprint = {arXiv:quant-ph/0606225}
   }

@article{RandomEnt,
	title={Entanglement thresholds for random induced states},
	author={Guillaume Aubrun and Stanislaw J. Szarek and Deping Ye},
	year = {2012},
	eprint={arXiv:quant-ph/1106.2264}
}


@article{RandomPPT,
  title = {Phase transitions for random states and a semicircle law for the partial transpose},
  author = {Aubrun, Guillaume and Szarek, Stanis\l{}aw J. and Ye, Deping},
  journal = {Phys. Rev. A},
  volume = {85},
  issue = {3},
  pages = {030302},
  numpages = {4},
  year = {2012},
  month = {Mar},
  doi = {10.1103/PhysRevA.85.030302},
  url = {http://link.aps.org/doi/10.1103/PhysRevA.85.030302},
  publisher = {American Physical Society}
}


@article{thesis_renner,
	title = {Security of Quantum Key Distribution},
	author = {Renato Renner},
	journal = {Diss. ETH No. 16242},
	year = {2005},
	eprint = {arXiv:quant-ph/0512258}
	}

@article{EntWitness_Terhal,
title = "Bell inequalities and the separability criterion",
journal = "Physics Letters A",
volume = "271",
number = "5–6",
pages = "319 - 326",
year = "2000",
note = "",
issn = "0375-9601",
doi = "10.1016/S0375-9601(00)00401-1",
url = "http://www.sciencedirect.com/science/article/pii/S0375960100004011",
author = "Barbara M. Terhal",
keywords = "Bell inequalities",
keywords = "Quantum entanglement",
keywords = "Quantum information theory"
}


@article{PhysRevLett.70.1895,
  title = {Teleporting an unknown quantum state via dual classical and Einstein-Podolsky-Rosen channels},
  author = {Bennett, Charles H. and Brassard, Gilles and Cr\'epeau, Claude and Jozsa, Richard and Peres, Asher and Wootters, William K.},
  journal = {Phys. Rev. Lett.},
  volume = {70},
  issue = {13},
  pages = {1895--1899},
  year = {1993},
  month = {Mar},
  doi = {10.1103/PhysRevLett.70.1895},
  url = {http://link.aps.org/doi/10.1103/PhysRevLett.70.1895},
  publisher = {American Physical Society}
}

@article{Q_Ent,
  title = {Quantum entanglement},
  author = {Horodecki, Ryszard and Horodecki, Pawe\l{} and Horodecki, Micha\l{} and Horodecki, Karol},
  journal = {Rev. Mod. Phys.},
  volume = {81},
  issue = {2},
  pages = {865--942},
  year = {2009},
  month = {Jun},
  doi = {10.1103/RevModPhys.81.865},
  url = {http://link.aps.org/doi/10.1103/RevModPhys.81.865},
  publisher = {American Physical Society},
  eprint = {arXiv:quant-ph/0702225}
}

@article{PhysRevA.68.042312,
  title = {Separable balls around the maximally mixed multipartite quantum states},
  author = {Gurvits, Leonid and Barnum, Howard},
  journal = {Phys. Rev. A},
  volume = {68},
  issue = {4},
  pages = {042312},
  numpages = {8},
  year = {2003},
  month = {Oct},
  doi = {10.1103/PhysRevA.68.042312},
  url = {http://link.aps.org/doi/10.1103/PhysRevA.68.042312},
  publisher = {American Physical Society}
}

@article{Asp_of_gen_ent,
	year={2006},
	issn={0010-3616},
	journal={Communications in Mathematical Physics},
	volume={265},
	issue={1},
	doi={10.1007/s00220-006-1535-6},
	title={Aspects of Generic Entanglement},
	url={http://dx.doi.org/10.1007/s00220-006-1535-6},
	publisher={Springer-Verlag},
	author={Hayden, Patrick and Leung, Debbie W. and Winter, Andreas},
	pages={95-117},
	language={English}
}

@article{RandomEntities,
  title = {Phase transitions for random states and a semicircle law for the partial transpose},
  author = {Aubrun, Guillaume and Szarek, Stanis\l{}aw J. and Ye, Deping},
  journal = {Phys. Rev. A},
  volume = {85},
  issue = {3},
  pages = {030302},
  numpages = {4},
  year = {2012},
  month = {Mar},
  doi = {10.1103/PhysRevA.85.030302},
  url = {http://link.aps.org/doi/10.1103/PhysRevA.85.030302},
  publisher = {American Physical Society}
}

@article{Rains,
  title = {Rigorous treatment of distillable entanglement},
  author = {Rains, E. M.},
  journal = {Phys. Rev. A},
  volume = {60},
  issue = {1},
  pages = {173--178},
  year = {1999},
  month = {Jul},
  doi = {10.1103/PhysRevA.60.173},
  url = {http://link.aps.org/doi/10.1103/PhysRevA.60.173},
  publisher = {American Physical Society}
}

@article{Peres,
  title = {Separability Criterion for Density Matrices},
  author = {Peres, Asher},
  journal = {Phys. Rev. Lett.},
  volume = {77},
  issue = {8},
  pages = {1413--1415},
  year = {1996},
  month = {Aug},
  doi = {10.1103/PhysRevLett.77.1413},
  url = {http://link.aps.org/doi/10.1103/PhysRevLett.77.1413},
  publisher = {American Physical Society}
}

@article{Sec_key_b_ent,
  title = {Secure Key from Bound Entanglement},
  author = {Horodecki, Karol and Horodecki, Micha\l{} and Horodecki, Pawe\l{} and Oppenheim, Jonathan},
  journal = {Phys. Rev. Lett.},
  volume = {94},
  issue = {16},
  pages = {160502},
  numpages = {4},
  year = {2005},
  month = {Apr},
  doi = {10.1103/PhysRevLett.94.160502},
  url = {http://link.aps.org/doi/10.1103/PhysRevLett.94.160502},
  publisher = {American Physical Society}
}

@article{BE_teleport,
  title = {General teleportation channel, singlet fraction, and quasidistillation},
  author = {Horodecki, Micha\l{} and Horodecki, Pawe\l{} and Horodecki, Ryszard},
  journal = {Phys. Rev. A},
  volume = {60},
  issue = {3},
  pages = {1888--1898},
  year = {1999},
  month = {Sep},
  doi = {10.1103/PhysRevA.60.1888},
  url = {http://link.aps.org/doi/10.1103/PhysRevA.60.1888},
  publisher = {American Physical Society}
}

@article{BE_dense_coding,
  author={M Horodecki and M Piani},
  title={On quantum advantage in dense coding},
  journal={Journal of Physics A: Mathematical and Theoretical},
  volume={45},
  number={10},
  pages={105306},
  url={http://stacks.iop.org/1751-8121/45/i=10/a=105306},
  year={2012},
}

@ARTICLE{gen_parad_key_distill,
author={Horodecki, K. and Horodecki, M. and Horodecki, P. and Oppenheim, J.},
journal={Information Theory, IEEE Transactions on}, 
title={General Paradigm for Distilling Classical Key From Quantum States},
year={2009},
month={april },
volume={55},
number={4},
pages={1898 -1929},
keywords={Cryptographic protocols;Cryptography;Entropy;Information theory;Mathematics;Paramagnetic resonance;Physics;Privacy;Quantum entanglement;Quantum mechanics;cryptographic protocols;quantum cryptography;Einstein-Podolsky-Rosen pairs;private quantum channel;quantum cryptographic protocols;quantum states;Classical key distillation;quantum entanglement;quantum information theory;quantum key distribution;},
doi={10.1109/TIT.2008.2009798},
ISSN={0018-9448},}

@article{Hiding_cl_data,
  title = {Hiding Classical Data in Multipartite Quantum States},
  author = {Eggeling, T. and Werner, R. F.},
  journal = {Phys. Rev. Lett.},
  volume = {89},
  issue = {9},
  pages = {097905},
  numpages = {4},
  year = {2002},
  month = {Aug},
  doi = {10.1103/PhysRevLett.89.097905},
  url = {http://link.aps.org/doi/10.1103/PhysRevLett.89.097905},
  publisher = {American Physical Society}
}

@article{BE_activation,
  title = {Bound Entanglement Can Be Activated},
  author = {Horodecki, Pawe\l{} and Horodecki, Micha\l{} and Horodecki, Ryszard},
  journal = {Phys. Rev. Lett.},
  volume = {82},
  issue = {5},
  pages = {1056--1059},
  year = {1999},
  month = {Feb},
  doi = {10.1103/PhysRevLett.82.1056},
  url = {http://link.aps.org/doi/10.1103/PhysRevLett.82.1056},
  publisher = {American Physical Society}
}

@article{baeuml,
	title={On bound key and the use of bound entanglement},
	author={Stefan Bäuml},
	year={2010}
}

@article{UPB_BE_construction,
  title = {Unextendible Product Bases and Bound Entanglement},
  author = {Bennett, Charles H. and DiVincenzo, David P. and Mor, Tal and Shor, Peter W. and Smolin, John A. and Terhal, Barbara M.},
  journal = {Phys. Rev. Lett.},
  volume = {82},
  issue = {26},
  pages = {5385--5388},
  year = {1999},
  month = {Jun},
  doi = {10.1103/PhysRevLett.82.5385},
  url = {http://link.aps.org/doi/10.1103/PhysRevLett.82.5385},
  publisher = {American Physical Society}
}


@article{Werner,
  title = {Quantum states with Einstein-Podolsky-Rosen correlations admitting a hidden-variable model},
  author = {Werner, Reinhard F.},
  journal = {Phys. Rev. A},
  volume = {40},
  issue = {8},
  pages = {4277--4281},
  year = {1989},
  month = {Oct},
  doi = {10.1103/PhysRevA.40.4277},
  url = {http://link.aps.org/doi/10.1103/PhysRevA.40.4277},
  publisher = {American Physical Society}
}

@book{Warner,
	title={Foundations of Differentiable Manifolds and Lie Groups},
	author={Frank W. Warner},
	year={1983},
	publisher={Springer-Verlag}
}

@article{PhysRevA.62.054301,
  title = {Optimal entanglement purification via entanglement swapping},
  author = {Shi, Bao-Sen and Jiang, Yun-Kun and Guo, Guang-Can},
  journal = {Phys. Rev. A},
  volume = {62},
  issue = {5},
  pages = {054301},
  numpages = {3},
  year = {2000},
  month = {Oct},
  doi = {10.1103/PhysRevA.62.054301},
  url = {http://link.aps.org/doi/10.1103/PhysRevA.62.054301},
  publisher = {American Physical Society}
}

@article{PhysRevA.60.194,
  title = {Purification via entanglement swapping and conserved entanglement},
  author = {Bose, S. and Vedral, V. and Knight, P. L.},
  journal = {Phys. Rev. A},
  volume = {60},
  issue = {1},
  pages = {194--197},
  year = {1999},
  month = {Jul},
  doi = {10.1103/PhysRevA.60.194},
  url = {http://link.aps.org/doi/10.1103/PhysRevA.60.194},
  publisher = {American Physical Society}
}

@article{Q_error_corr,
  title = {Mixed-state entanglement and quantum error correction},
  author = {Bennett, Charles H. and DiVincenzo, David P. and Smolin, John A. and Wootters, William K.},
  journal = {Phys. Rev. A},
  volume = {54},
  issue = {5},
  pages = {3824--3851},
  year = {1996},
  month = {Nov},
  doi = {10.1103/PhysRevA.54.3824},
  url = {http://link.aps.org/doi/10.1103/PhysRevA.54.3824},
  publisher = {American Physical Society}
}

@article{Fannes2004,
  author={R Alicki and M Fannes},
  title={Continuity of quantum conditional information},
  journal={Journal of Physics A: Mathematical and General},
  volume={37},
  number={5},
  pages={L55},
  url={http://stacks.iop.org/0305-4470/37/i=5/a=L01},
  year={2004},
  abstract={We prove continuity of quantum conditional information S (ρ 12 |ρ 2 ) with respect to the uniform convergence of states and obtain a bound which is independent of the dimension of the second party. This can, e.g., be used to prove the continuity of squashed entanglement.}
}

@article{DevetakWinter,
author = {Devetak, Igor and Winter, Andreas}, 
title = {Distillation of secret key and entanglement from quantum states},
volume = {461}, 
number = {2053}, 
pages = {207-235}, 
year = {2005}, 
doi = {10.1098/rspa.2004.1372}, 
URL = {http://rspa.royalsocietypublishing.org/content/461/2053/207.abstract}, 
eprint = {http://rspa.royalsocietypublishing.org/content/461/2053/207.full.pdf+html}, 
journal = {Proceedings of the Royal Society A: Mathematical, Physical and Engineering Science} 
}

@book{MilmanSchechtman,
	title={Asymptotic Theory of Finite Dimensional Normed Spaces},
	author={Vitali D. Milman and Gideon Schechtman},
	year={1986},
	publisher={Springer-Verlag}
}

@inproceedings{paper:separabilityProblem,
 author = {Gurvits, Leonid},
 title = {Classical deterministic complexity of Edmonds' Problem and quantum entanglement},
 booktitle = {Proceedings of the thirty-fifth annual ACM symposium on Theory of computing},
 series = {STOC '03},
 year = {2003},
 isbn = {1-58113-674-9},
 location = {San Diego, CA, USA},
 pages = {10--19},
 numpages = {10},
 url = {http://doi.acm.org/10.1145/780542.780545},
 doi = {10.1145/780542.780545},
 acmid = {780545},
 publisher = {ACM},
 address = {New York, NY, USA},
} 


@article{EntanglementDetection_Rev,
title = "Entanglement detection",
journal = "Physics Reports",
volume = "474",
number = "1–6",
pages = "1 - 75",
year = "2009",
note = "",
issn = "0370-1573",
doi = "10.1016/j.physrep.2009.02.004",
url = "http://www.sciencedirect.com/science/article/pii/S0370157309000623",
author = "Otfried Gühne and Géza Tóth",
keywords = "Entanglement detection",
keywords = "Separability criteria",
keywords = "Genuine multipartite entanglement"
}


@article{paper:extensions,
  title = {Detecting multipartite entanglement},
  author = {Doherty, Andrew C. and Parrilo, Pablo A. and Spedalieri, Federico M.},
  journal = {Phys. Rev. A},
  volume = {71},
  issue = {3},
  pages = {032333},
  numpages = {9},
  year = {2005},
  month = {Mar},
  doi = {10.1103/PhysRevA.71.032333},
  url = {http://link.aps.org/doi/10.1103/PhysRevA.71.032333},
  publisher = {American Physical Society}
}

@article{Carath,
year={1911},
issn={0009-725X},
journal={Rendiconti del Circolo Matematico di Palermo},
volume={32},
issue={1},
doi={10.1007/BF03014795},
title={Über den variabilitätsbereich der fourier’schen konstanten von positiven harmonischen funktionen},
url={http://dx.doi.org/10.1007/BF03014795},
publisher={Springer-Verlag},
author={Carathéodory, C.},
pages={193-217},
language={Italian}
}

@article{UPB_BEstates,
  title = {Unextendible Product Bases and Bound Entanglement},
  author = {Bennett, Charles H. and DiVincenzo, David P. and Mor, Tal and Shor, Peter W. and Smolin, John A. and Terhal, Barbara M.},
  journal = {Phys. Rev. Lett.},
  volume = {82},
  issue = {26},
  pages = {5385--5388},
  year = {1999},
  month = {Jun},
  doi = {10.1103/PhysRevLett.82.5385},
  url = {http://link.aps.org/doi/10.1103/PhysRevLett.82.5385},
  publisher = {American Physical Society}
}

@article{faithful_sqEnt,
year={2011},
issn={0010-3616},
journal={Communications in Mathematical Physics},
volume={306},
issue={3},
doi={10.1007/s00220-011-1302-1},
title={Faithful Squashed Entanglement},
url={http://dx.doi.org/10.1007/s00220-011-1302-1},
publisher={Springer-Verlag},
author={Brandão, FernandoG.S.L. and Christandl, Matthias and Yard, Jon},
pages={805-830},
language={English}
}

@article{relEntropy_sqEnt,
   author = {{Li}, K. and {Winter}, A.},
    title = "{Relative entropy and squashed entanglement}",
  journal = {ArXiv e-prints},
archivePrefix = "arXiv",
   eprint = {1210.3181},
 primaryClass = "quant-ph",
 keywords = {Quantum Physics, Mathematical Physics},
     year = 2012,
    month = oct,
   adsurl = {http://adsabs.harvard.edu/abs/2012arXiv1210.3181L},
  adsnote = {Provided by the SAO/NASA Astrophysics Data System}
}


@article{sqEnt1,
author = {Matthias Christandl and Andreas Winter},
collaboration = {},
title = {``Squashed entanglement'': An additive entanglement measure},
publisher = {AIP},
year = {2004},
journal = {Journal of Mathematical Physics},
volume = {45},
number = {3},
pages = {829-840},
keywords = {quantum entanglement; quantum cryptography; information theory; algebra; tensors},
url = {http://link.aip.org/link/?JMP/45/829/1},
doi = {10.1063/1.1643788}
}

@ARTICLE{sqEnt2,
   author = {{Christandl}, M.},
    title = "{The Structure of Bipartite Quantum States - Insights from Group Theory and Cryptography}",
  journal = {eprint arXiv:quant-ph/0604183},
   eprint = {arXiv:quant-ph/0604183},
 keywords = {Quantum Physics},
     year = 2006,
    month = apr,
   adsurl = {http://adsabs.harvard.edu/abs/2006quant.ph..4183C},
  adsnote = {Provided by the SAO/NASA Astrophysics Data System}
}

@article{sqEnt3,
  title = {Highly Entangled States with Almost No Secrecy},
  author = {Christandl, Matthias and Schuch, Norbert and Winter, Andreas},
  journal = {Phys. Rev. Lett.},
  volume = {104},
  issue = {24},
  pages = {240405},
  numpages = {4},
  year = {2010},
  month = {Jun},
  doi = {10.1103/PhysRevLett.104.240405},
  url = {http://link.aps.org/doi/10.1103/PhysRevLett.104.240405},
  publisher = {American Physical Society}
}

@MISC{sedumi,
author = {Jos F. Sturm},
title = {SeDuMi - \matlab package},
howpublished={\url{http://sedumi.ie.lehigh.edu/}}
}

@misc{matlab:column_major,
 title={\matlab online help --- MATLAB Data},
 author={The MathWorks Inc.},
 howpublished={\url{http://www.mathworks.ch/ch/help/matlab/matlab_external/matlab-data.html#f22019}}
 }
 


@article{HorEckert02,
  title = {Method for Direct Detection of Quantum Entanglement},
  author = {Horodecki, Pawe\l{} and Ekert, Artur},
  journal = {Phys. Rev. Lett.},
  volume = {89},
  issue = {12},
  pages = {127902},
  numpages = {4},
  year = {2002},
  month = {Aug},
  doi = {10.1103/PhysRevLett.89.127902},
  url = {http://link.aps.org/doi/10.1103/PhysRevLett.89.127902},
  publisher = {American Physical Society}
}

@article{MilGrom,
	title={A topological application of the isoperimetric inequality},
	author = {M. Gromov and V.D. Milman},
	journal = {Amer.J. Math.},
	pages = {843-854},
	year = {1983},
	issue = {105}
}


